{
	"days_from_launch": 30,
	"results": [
		{
			"id": 10640949774,
			"handle": "hdg805-hudson-durable-goods-professional-grade-cotton-kitchen-grill-and-bbq-apron-black-adjusts-up-to-xxl-for-men-women",
			"title": "Professional Grade Apron for Kitchen, Grill, and BBQ (Black) - HDG805",
			"created_at": "2017-05-12T01:43:30.000000Z",
			"images": 9,
			"is_tracked": false,
			"main_image": "https://cdn.shopify.com/s/files/1/1221/6088/products/hudson-durable-goods-home-professional-grade-apron-for-kitchen-grill-and-bbq-hdg805-3575987961964.jpg?v=1533138759",
			"variants": 1,
			"monthly_revenue": 11111.45,
			"monthly_sales": 371,
			"original_price": null,
			"original_price_max": null,
			"original_price_min": null,
			"usd_price": 29.95,
			"product_type": "Physical",
			"category": "Home & Kitchen & Dining",
			"quick_search": [
				{
					"platform": "facebook",
					"link": "https://www.facebook.com/ads/library/?active_status=all&ad_type=all&country=ALL&q=hudsondurablegoods.com&search_type=keyword_unordered&media_type=all"
				},
				{
					"platform": "aliexpress",
					"link": "https://www.aliexpress.com/wholesale?SearchText=Professional Grade Apron for Kitchen, Grill, and BBQ (Black) - HDG805"
				},
				{
					"platform": "amazon",
					"link": "https://www.amazon.com/s?k=Professional Grade Apron for Kitchen, Grill, and BBQ (Black) - HDG805"
				}
			],
			"store": {
				"id": 1108666,
				"internal_shop_id": 1108666,
				"original_domain": "hudson-durable-goods.myshopify.com",
				"best_ranked_domain": "hudsondurablegoods.com",
				"created_at": "2017-05-11T00:00:00.000000Z",
				"currency": "USD",
				"custom_domain": "hudsondurablegoods.com",
				"favicon": "https://hudsondurablegoods.com/cdn/shop/files/H-icon---final_ce012622-bdca-4e4a-a0fe-cbb8ef8f0189_32x32.png",
				"is_tracked": false,
				"products_count": 24,
				"shopify_shop_id": 12216088
			},
			"usd_price_min": 29.95
		},
		{
			"id": 8102920913113,
			"handle": "nano-portable-espresso-machine-forest-green",
			"title": "Nano Portable Espresso Machine (Forest Green)",
			"created_at": "2023-01-30T08:23:02.000000Z",
			"images": 9,
			"is_tracked": false,
			"main_image": "https://cdn.shopify.com/s/files/1/0663/6319/5609/files/1_c2c3765a-bcc9-4e1d-b7a3-22eb782623b9.webp?v=1710319860",
			"variants": 1,
			"monthly_revenue": 21278.48,
			"monthly_sales": 152,
			"original_price": null,
			"original_price_max": null,
			"original_price_min": null,
			"usd_price": 139.99,
			"product_type": "Physical",
			"category": "Appliances",
			"quick_search": [
				{
					"platform": "facebook",
					"link": "https://www.facebook.com/ads/library/?active_status=all&ad_type=all&country=ALL&q=fera.pl&search_type=keyword_unordered&media_type=all"
				},
				{
					"platform": "aliexpress",
					"link": "https://www.aliexpress.com/wholesale?SearchText=Nano Portable Espresso Machine (Forest Green)"
				},
				{
					"platform": "amazon",
					"link": "https://www.amazon.com/s?k=Nano Portable Espresso Machine (Forest Green)"
				}
			],
			"store": {
				"id": 9107694,
				"internal_shop_id": 9107694,
				"original_domain": "outin-inc.myshopify.com",
				"best_ranked_domain": "fera.pl",
				"created_at": "2021-12-17T00:00:00.000000Z",
				"currency": "USD",
				"custom_domain": "fera.pl",
				"favicon": "https://outin.com/cdn/shop/files/360-360.png",
				"is_tracked": false,
				"products_count": 17,
				"shopify_shop_id": 66363195609
			},
			"usd_price_min": 139.99
		},
		{
			"id": 7047359922281,
			"handle": "3-in-1-probiotic-chews-for-dogs",
			"title": "3 in 1 Probiotic Chews for Dogs",
			"created_at": "2023-09-19T18:00:56.000000Z",
			"images": 7,
			"is_tracked": false,
			"main_image": "https://cdn.shopify.com/s/files/1/0295/1410/4937/files/PL1.jpg?v=1711592261",
			"variants": 1,
			"monthly_revenue": 14353.54,
			"monthly_sales": 521,
			"original_price": null,
			"original_price_max": null,
			"original_price_min": null,
			"usd_price": 27.5,
			"product_type": "Physical",
			"category": "Pet Supplies",
			"quick_search": [
				{
					"platform": "facebook",
					"link": "https://www.facebook.com/ads/library/?active_status=all&ad_type=all&country=ALL&q=googipet.com&search_type=keyword_unordered&media_type=all"
				},
				{
					"platform": "aliexpress",
					"link": "https://www.aliexpress.com/wholesale?SearchText=3 in 1 Probiotic Chews for Dogs"
				},
				{
					"platform": "amazon",
					"link": "https://www.amazon.com/s?k=3 in 1 Probiotic Chews for Dogs"
				}
			],
			"store": {
				"id": 881968,
				"internal_shop_id": 881968,
				"original_domain": "googipet.myshopify.com",
				"best_ranked_domain": "googipet.com",
				"created_at": "2020-05-12T00:00:00.000000Z",
				"currency": "USD",
				"custom_domain": "googipet.com",
				"favicon": "https://googipet.com/cdn/shop/files/Logo_Transparent_32x32.png",
				"is_tracked": false,
				"products_count": 7,
				"shopify_shop_id": 29514104937
			},
			"usd_price_min": 27.5
		},
		{
			"id": 7624597995701,
			"handle": "wave-heated-barrel-brush-multi-styler-olive",
			"title": "WAVE Heated barrel brush multi-styler Olive",
			"created_at": "2024-01-23T17:38:22.000000Z",
			"images": 9,
			"is_tracked": false,
			"main_image": "https://cdn.shopify.com/s/files/1/0571/0158/2517/files/IMG_0036A.jpg?v=1706031565",
			"variants": 1,
			"monthly_revenue": 18303.19,
			"monthly_sales": 116,
			"original_price": 125,
			"usd_price": 155.66,
			"product_type": "Physical",
			"category": "Health & Household",
			"quick_search": [
				{
					"platform": "facebook",
					"link": "https://www.facebook.com/ads/library/?active_status=all&ad_type=all&country=ALL&q=mdlondon.co.uk&search_type=keyword_unordered&media_type=all"
				},
				{
					"platform": "aliexpress",
					"link": "https://www.aliexpress.com/wholesale?SearchText=WAVE Heated barrel brush multi-styler Olive"
				},
				{
					"platform": "amazon",
					"link": "https://www.amazon.com/s?k=WAVE Heated barrel brush multi-styler Olive"
				}
			],
			"store": {
				"id": 2826276,
				"internal_shop_id": 2826276,
				"original_domain": "md-london.myshopify.com",
				"best_ranked_domain": "mdlondon.co.uk",
				"created_at": "2019-03-22T00:00:00.000000Z",
				"currency": "GBP",
				"custom_domain": "mdlondon.co.uk",
				"favicon": "https://mdlondon.co.uk/cdn/shop/files/Secondary_Logo_Orange_96x.png",
				"is_tracked": false,
				"products_count": 13,
				"shopify_shop_id": 57101582517
			},
			"usd_price_min": 155.66
		},
		{
			"id": 9046043492671,
			"handle": "trio-ultra-3-in-1-fast-wireless-charging-station",
			"title": "TRIO ULTRA 3-in-1 Fast Wireless Charging Station",
			"created_at": "2023-12-05T01:52:55.000000Z",
			"images": 10,
			"is_tracked": false,
			"main_image": "https://cdn.shopify.com/s/files/1/0810/5600/6463/files/Trio-MFM-C1.jpg?v=1701925802",
			"variants": 1,
			"monthly_revenue": 3095.48,
			"monthly_sales": 16,
			"original_price": 179,
			"usd_price": 190.98,
			"product_type": "Physical",
			"category": "Electronics",
			"quick_search": [
				{
					"platform": "facebook",
					"link": "https://www.facebook.com/ads/library/?active_status=all&ad_type=all&country=ALL&q=journeyofficial.com&search_type=keyword_unordered&media_type=all"
				},
				{
					"platform": "aliexpress",
					"link": "https://www.aliexpress.com/wholesale?SearchText=TRIO ULTRA 3-in-1 Fast Wireless Charging Station"
				},
				{
					"platform": "amazon",
					"link": "https://www.amazon.com/s?k=TRIO ULTRA 3-in-1 Fast Wireless Charging Station"
				}
			],
			"store": {
				"id": 16779744,
				"internal_shop_id": 16779744,
				"original_domain": "journey-europe.myshopify.com",
				"best_ranked_domain": "journeyofficial.com",
				"created_at": "2023-08-15T00:00:00.000000Z",
				"currency": "EUR",
				"custom_domain": "journeyofficial.com",
				"favicon": "https://www.journeyofficial.eu/cdn/shop/files/journey_small_logo_black_bg.png",
				"is_tracked": false,
				"products_count": 19,
				"shopify_shop_id": 81056006463
			},
			"usd_price_min": 190.98
		},
		{
			"id": 9085645881635,
			"handle": "portable-bladeless-hanging-rechargeable-neck-fan",
			"title": "Portable Bladeless Hanging Rechargeable Neck Fan",
			"created_at": "2024-03-21T13:11:53.000000Z",
			"images": 3,
			"is_tracked": false,
			"main_image": "https://cdn.shopify.com/s/files/1/0868/2523/8819/files/8483132276.jpg?v=1711026713",
			"variants": 1,
			"monthly_revenue": 15202.62,
			"monthly_sales": 1269,
			"original_price": 999,
			"usd_price": 11.96,
			"product_type": "Physical",
			"category": "Electronics",
			"quick_search": [
				{
					"platform": "facebook",
					"link": "https://www.facebook.com/ads/library/?active_status=all&ad_type=all&country=ALL&q=rathimart.com&search_type=keyword_unordered&media_type=all"
				},
				{
					"platform": "aliexpress",
					"link": "https://www.aliexpress.com/wholesale?SearchText=Portable Bladeless Hanging Rechargeable Neck Fan"
				},
				{
					"platform": "amazon",
					"link": "https://www.amazon.com/s?k=Portable Bladeless Hanging Rechargeable Neck Fan"
				}
			],
			"store": {
				"id": 29207647,
				"internal_shop_id": 29207647,
				"original_domain": "0d8bdd-7a.myshopify.com",
				"best_ranked_domain": "rathimart.com",
				"created_at": "2024-03-16T00:00:00.000000Z",
				"currency": "INR",
				"custom_domain": "rathimart.com",
				"favicon": "",
				"is_tracked": false,
				"products_count": 18,
				"shopify_shop_id": 86825238819
			},
			"usd_price_min": 11.96
		},
		{
			"id": 8438178611519,
			"handle": "anti-aging-cloud-cream",
			"title": "Anti-Aging Cloud Cream",
			"created_at": "2023-06-06T13:57:42.000000Z",
			"images": 9,
			"is_tracked": false,
			"main_image": "https://cdn.shopify.com/s/files/1/0751/4652/7039/files/Anti-AgingCloudCream.png?v=1710880362",
			"variants": 1,
			"monthly_revenue": 7168,
			"monthly_sales": 64,
			"original_price": null,
			"original_price_max": null,
			"original_price_min": null,
			"usd_price": 112,
			"product_type": "Physical",
			"category": "Health & Household",
			"quick_search": [
				{
					"platform": "facebook",
					"link": "https://www.facebook.com/ads/library/?active_status=all&ad_type=all&country=ALL&q=tallowmepretty.com&search_type=keyword_unordered&media_type=all"
				},
				{
					"platform": "aliexpress",
					"link": "https://www.aliexpress.com/wholesale?SearchText=Anti-Aging Cloud Cream"
				},
				{
					"platform": "amazon",
					"link": "https://www.amazon.com/s?k=Anti-Aging Cloud Cream"
				}
			],
			"store": {
				"id": 13807623,
				"internal_shop_id": 13807623,
				"original_domain": "a413e1-2.myshopify.com",
				"best_ranked_domain": "www.tallowmepretty.com",
				"created_at": "2023-05-18T00:00:00.000000Z",
				"currency": "USD",
				"custom_domain": "www.tallowmepretty.com",
				"favicon": "https://www.tallowmepretty.com/cdn/shop/files/Tallow_Me_Pretty_1.png",
				"is_tracked": false,
				"products_count": 14,
				"shopify_shop_id": 75146527039
			},
			"usd_price_min": 112
		},
		{
			"id": 8348343992555,
			"handle": "portable-mini-washing-machine-ultrasonic-turbine-washer",
			"title": "Portable Mini Washing Machine Ultrasonic Turbine Washer",
			"created_at": "2024-04-01T11:47:29.000000Z",
			"images": 6,
			"is_tracked": false,
			"main_image": "https://cdn.shopify.com/s/files/1/0695/8658/3787/files/5041787819.jpg?v=1711972049",
			"variants": 1,
			"monthly_revenue": 4311.22,
			"monthly_sales": 400,
			"original_price": 899,
			"usd_price": 10.75,
			"product_type": "Physical",
			"category": "Electronics",
			"quick_search": [
				{
					"platform": "facebook",
					"link": "https://www.facebook.com/ads/library/?active_status=all&ad_type=all&country=ALL&q=storeheaven.shop&search_type=keyword_unordered&media_type=all"
				},
				{
					"platform": "aliexpress",
					"link": "https://www.aliexpress.com/wholesale?SearchText=Portable Mini Washing Machine Ultrasonic Turbine Washer"
				},
				{
					"platform": "amazon",
					"link": "https://www.amazon.com/s?k=Portable Mini Washing Machine Ultrasonic Turbine Washer"
				}
			],
			"store": {
				"id": 29345358,
				"internal_shop_id": 29345358,
				"original_domain": "3ab19b-6a.myshopify.com",
				"best_ranked_domain": "storeheaven.shop",
				"created_at": "2024-03-29T00:00:00.000000Z",
				"currency": "INR",
				"custom_domain": "storeheaven.shop",
				"favicon": "https://storeheaven.shop/cdn/shop/files/fevicol1.png",
				"is_tracked": false,
				"products_count": 21,
				"shopify_shop_id": 69586583787
			},
			"usd_price_min": 10.75
		},
		{
			"id": 8669240918362,
			"handle": "atem",
			"title": "ATEM - Bundle (3 in 1)",
			"created_at": "2023-12-17T13:26:51.000000Z",
			"images": 13,
			"is_tracked": false,
			"main_image": "https://cdn.shopify.com/s/files/1/0785/0963/7978/files/5_O1CN017NssfI2IC64JekJL5__2207564519249-0-cib.png?v=1710178659",
			"variants": 4,
			"monthly_revenue": 6098,
			"monthly_sales": 218,
			"original_price": null,
			"original_price_max": null,
			"original_price_min": null,
			"usd_price": 27,
			"product_type": "Physical",
			"category": "Grocery & Gourmet Food",
			"quick_search": [
				{
					"platform": "facebook",
					"link": "https://www.facebook.com/ads/library/?active_status=all&ad_type=all&country=ALL&q=nextbreath.de&search_type=keyword_unordered&media_type=all"
				},
				{
					"platform": "aliexpress",
					"link": "https://www.aliexpress.com/wholesale?SearchText=ATEM - Bundle (3 in 1)"
				},
				{
					"platform": "amazon",
					"link": "https://www.amazon.com/s?k=ATEM - Bundle (3 in 1)"
				}
			],
			"store": {
				"id": 15951904,
				"internal_shop_id": 15951904,
				"original_domain": "fb3597.myshopify.com",
				"best_ranked_domain": "www.nextbreath.de",
				"created_at": "2023-12-17T00:00:00.000000Z",
				"currency": "USD",
				"custom_domain": "www.nextbreath.de",
				"favicon": "",
				"is_tracked": false,
				"products_count": 3,
				"shopify_shop_id": 78509637978
			},
			"usd_price_min": 27
		},
		{
			"id": 7726236008645,
			"handle": "portable-bladeless-hanging-rechargeable-neck-fan",
			"title": "Portable Bladeless Hanging Rechargeable Neck Fan",
			"created_at": "2024-03-30T10:30:14.000000Z",
			"images": 3,
			"is_tracked": false,
			"main_image": "https://cdn.shopify.com/s/files/1/0652/8879/8405/files/8483132276.jpg?v=1711794614",
			"variants": 1,
			"monthly_revenue": 2843.42,
			"monthly_sales": 216,
			"original_price": 1099,
			"usd_price": 13.15,
			"product_type": "Physical",
			"category": "Patio Lawn & Garden",
			"quick_search": [
				{
					"platform": "facebook",
					"link": "https://www.facebook.com/ads/library/?active_status=all&ad_type=all&country=ALL&q=basicsbox.in&search_type=keyword_unordered&media_type=all"
				},
				{
					"platform": "aliexpress",
					"link": "https://www.aliexpress.com/wholesale?SearchText=Portable Bladeless Hanging Rechargeable Neck Fan"
				},
				{
					"platform": "amazon",
					"link": "https://www.amazon.com/s?k=Portable Bladeless Hanging Rechargeable Neck Fan"
				}
			],
			"store": {
				"id": 29363176,
				"internal_shop_id": 29363176,
				"original_domain": "65953e-e8.myshopify.com",
				"best_ranked_domain": "www.basicsbox.in",
				"created_at": "2024-03-30T00:00:00.000000Z",
				"currency": "INR",
				"custom_domain": "www.basicsbox.in",
				"favicon": "",
				"is_tracked": false,
				"products_count": 18,
				"shopify_shop_id": 65288798405
			},
			"usd_price_min": 13.15
		},
		{
			"id": 8796690710845,
			"handle": "thermotex-far-infrared-heating-pad-professional",
			"title": "Thermotex Far Infrared Heating Pad - Professional",
			"created_at": "2023-09-29T15:41:52.000000Z",
			"images": 3,
			"is_tracked": false,
			"main_image": "https://cdn.shopify.com/s/files/1/0833/0222/0093/files/Professional-1.png?v=1712864471",
			"variants": 1,
			"monthly_revenue": 2772.89,
			"monthly_sales": 4,
			"original_price": null,
			"original_price_max": null,
			"original_price_min": null,
			"usd_price": 799,
			"product_type": "Physical",
			"category": "Health & Household",
			"quick_search": [
				{
					"platform": "facebook",
					"link": "https://www.facebook.com/ads/library/?active_status=all&ad_type=all&country=ALL&q=thermotex.com&search_type=keyword_unordered&media_type=all"
				},
				{
					"platform": "aliexpress",
					"link": "https://www.aliexpress.com/wholesale?SearchText=Thermotex Far Infrared Heating Pad - Professional"
				},
				{
					"platform": "amazon",
					"link": "https://www.amazon.com/s?k=Thermotex Far Infrared Heating Pad - Professional"
				}
			],
			"store": {
				"id": 21882490,
				"internal_shop_id": 21882490,
				"original_domain": "c0658c-2.myshopify.com",
				"best_ranked_domain": null,
				"created_at": "2023-09-26T00:00:00.000000Z",
				"currency": "USD",
				"custom_domain": "www.thermotex.com",
				"favicon": "https://www.thermotex.com/cdn/shop/files/favicon_32x32.png",
				"is_tracked": false,
				"products_count": 18,
				"shopify_shop_id": 83302220093
			},
			"usd_price_min": 799
		},
		{
			"id": 6918336381088,
			"handle": "herren-anti-schweiss-boxershorts",
			"title": "Herren – Anti-Schweiß-Boxershorts",
			"created_at": "2021-08-24T07:59:41.000000Z",
			"images": 22,
			"is_tracked": false,
			"main_image": "https://cdn.shopify.com/s/files/1/0586/0638/7360/products/Boxerwit-RAW-1.jpg?v=1630505638",
			"variants": 20,
			"monthly_revenue": 9486.35,
			"monthly_sales": 314,
			"original_price": 28,
			"usd_price": 29.8,
			"product_type": "Physical",
			"category": "Clothing & Shoes & Jewelry",
			"quick_search": [
				{
					"platform": "facebook",
					"link": "https://www.facebook.com/ads/library/?active_status=all&ad_type=all&country=ALL&q=fibershirts.nl&search_type=keyword_unordered&media_type=all"
				},
				{
					"platform": "aliexpress",
					"link": "https://www.aliexpress.com/wholesale?SearchText=Herren – Anti-Schweiß-Boxershorts"
				},
				{
					"platform": "amazon",
					"link": "https://www.amazon.com/s?k=Herren – Anti-Schweiß-Boxershorts"
				}
			],
			"store": {
				"id": 173517,
				"internal_shop_id": 173517,
				"original_domain": "fibershirts-de.myshopify.com",
				"best_ranked_domain": "www.fibershirts.nl",
				"created_at": "2021-08-24T00:00:00.000000Z",
				"currency": "EUR",
				"custom_domain": "www.fibershirts.nl",
				"favicon": "https://www.fibershirts.de/cdn/shop/files/favicon-32-32_32x32.png",
				"is_tracked": false,
				"products_count": 6,
				"shopify_shop_id": 58606387360
			},
			"usd_price_min": 29.8
		},
		{
			"id": 7371426332725,
			"handle": "portable-air-duster-wireless-vacuum-cleaner",
			"title": "Portable Air Duster Wireless Vacuum Cleaner",
			"created_at": "2024-02-29T18:09:51.000000Z",
			"images": 9,
			"is_tracked": false,
			"main_image": "https://cdn.shopify.com/s/files/1/0619/3155/2821/products/8000969967.jpg?v=1709230191",
			"variants": 1,
			"monthly_revenue": 4814.009999999999,
			"monthly_sales": 402,
			"original_price": 999,
			"usd_price": 11.95,
			"product_type": "Physical",
			"category": "Electronics",
			"quick_search": [
				{
					"platform": "facebook",
					"link": "https://www.facebook.com/ads/library/?active_status=all&ad_type=all&country=ALL&q=trandingculture6282.myshopify.com&search_type=keyword_unordered&media_type=all"
				},
				{
					"platform": "aliexpress",
					"link": "https://www.aliexpress.com/wholesale?SearchText=Portable Air Duster Wireless Vacuum Cleaner"
				},
				{
					"platform": "amazon",
					"link": "https://www.amazon.com/s?k=Portable Air Duster Wireless Vacuum Cleaner"
				}
			],
			"store": {
				"id": 27101978,
				"internal_shop_id": 27101978,
				"original_domain": "2b0748-2b.myshopify.com",
				"best_ranked_domain": null,
				"created_at": "2024-02-26T00:00:00.000000Z",
				"currency": "INR",
				"custom_domain": "trandingculture6282.myshopify.com",
				"favicon": "",
				"is_tracked": false,
				"products_count": 24,
				"shopify_shop_id": 61931552821
			},
			"usd_price_min": 11.95
		},
		{
			"id": 9161094627644,
			"handle": "meneflix-portable-mini-hair-straightener-cordless-rechargeable-mini-adjustable-hair-straightener-hot-comb",
			"title": "Meneflix Portable Mini Hair Straightener",
			"created_at": "2024-03-09T11:27:02.000000Z",
			"images": 7,
			"is_tracked": false,
			"main_image": "https://cdn.shopify.com/s/files/1/0863/0802/8732/products/6559336766.jpg?v=1709983622",
			"variants": 1,
			"monthly_revenue": 20809.87,
			"monthly_sales": 2173,
			"original_price": 799,
			"usd_price": 9.56,
			"product_type": "Physical",
			"category": "Health & Household",
			"quick_search": [
				{
					"platform": "facebook",
					"link": "https://www.facebook.com/ads/library/?active_status=all&ad_type=all&country=ALL&q=cartsflex.in&search_type=keyword_unordered&media_type=all"
				},
				{
					"platform": "aliexpress",
					"link": "https://www.aliexpress.com/wholesale?SearchText=Meneflix Portable Mini Hair Straightener"
				},
				{
					"platform": "amazon",
					"link": "https://www.amazon.com/s?k=Meneflix Portable Mini Hair Straightener"
				}
			],
			"store": {
				"id": 26940474,
				"internal_shop_id": 26940474,
				"original_domain": "dd812a-eb.myshopify.com",
				"best_ranked_domain": "cartsflex.in",
				"created_at": "2024-02-22T00:00:00.000000Z",
				"currency": "INR",
				"custom_domain": "cartsflex.in",
				"favicon": "",
				"is_tracked": false,
				"products_count": 16,
				"shopify_shop_id": 86308028732
			},
			"usd_price_min": 9.56
		},
		{
			"id": 8374271869174,
			"handle": "portable-air-duster-wireless-vacuum-cleaner",
			"title": "Portable Air Duster Wireless Vacuum Cleaner",
			"created_at": "2024-02-23T10:48:56.000000Z",
			"images": 8,
			"is_tracked": false,
			"main_image": "https://cdn.shopify.com/s/files/1/0688/8105/5990/products/4656702038.jpg?v=1708697592",
			"variants": 1,
			"monthly_revenue": 23340.32,
			"monthly_sales": 2436,
			"original_price": 799,
			"usd_price": 9.56,
			"product_type": "Physical",
			"category": "Patio Lawn & Garden",
			"quick_search": [
				{
					"platform": "facebook",
					"link": "https://www.facebook.com/ads/library/?active_status=all&ad_type=all&country=ALL&q=sabarsh.myshopify.com&search_type=keyword_unordered&media_type=all"
				},
				{
					"platform": "aliexpress",
					"link": "https://www.aliexpress.com/wholesale?SearchText=Portable Air Duster Wireless Vacuum Cleaner"
				},
				{
					"platform": "amazon",
					"link": "https://www.amazon.com/s?k=Portable Air Duster Wireless Vacuum Cleaner"
				}
			],
			"store": {
				"id": 25719547,
				"internal_shop_id": 25719547,
				"original_domain": "5f7ee8-6.myshopify.com",
				"best_ranked_domain": null,
				"created_at": "2024-02-23T00:00:00.000000Z",
				"currency": "INR",
				"custom_domain": "sabarsh.myshopify.com",
				"favicon": "",
				"is_tracked": false,
				"products_count": 10,
				"shopify_shop_id": 68881055990
			},
			"usd_price_min": 9.56
		},
		{
			"id": 7632201973932,
			"handle": "mooncool-seat",
			"title": "MC Adjustable Wide Trike Seat",
			"created_at": "2023-05-25T09:53:37.000000Z",
			"images": 8,
			"is_tracked": false,
			"main_image": "https://cdn.shopify.com/s/files/1/0567/3821/8156/files/s-04.jpg?v=1698888252",
			"variants": 2,
			"monthly_revenue": 4019.33,
			"monthly_sales": 67,
			"original_price": null,
			"original_price_max": null,
			"original_price_min": null,
			"usd_price": 59.99,
			"product_type": "Physical",
			"category": "Home & Kitchen & Dining",
			"quick_search": [
				{
					"platform": "facebook",
					"link": "https://www.facebook.com/ads/library/?active_status=all&ad_type=all&country=ALL&q=mooncool.com&search_type=keyword_unordered&media_type=all"
				},
				{
					"platform": "aliexpress",
					"link": "https://www.aliexpress.com/wholesale?SearchText=MC Adjustable Wide Trike Seat"
				},
				{
					"platform": "amazon",
					"link": "https://www.amazon.com/s?k=MC Adjustable Wide Trike Seat"
				}
			],
			"store": {
				"id": 13636737,
				"internal_shop_id": 13636737,
				"original_domain": "mooncool-2.myshopify.com",
				"best_ranked_domain": "mooncool.com",
				"created_at": "2023-05-05T00:00:00.000000Z",
				"currency": "USD",
				"custom_domain": "mooncool.com",
				"favicon": "https://www.mooncool.com/cdn/shop/files/f1.png",
				"is_tracked": false,
				"products_count": 24,
				"shopify_shop_id": 56738218156
			},
			"usd_price_min": 59.99
		},
		{
			"id": 9085658333473,
			"handle": "portable-air-duster-wireless-vacuum-cleaner",
			"title": "Goods Galaxy Portable Mini Car Vacuum Cleaner: A 2-in-1 USB Rechargeable Wireless Handheld Vacuum Cleaner, Perfect for Traveling, Camping, and More!",
			"created_at": "2024-03-18T06:14:34.000000Z",
			"images": 9,
			"is_tracked": false,
			"main_image": "https://cdn.shopify.com/s/files/1/0861/7066/5249/products/4656702038.jpg?v=1712730296",
			"variants": 1,
			"monthly_revenue": 16999,
			"monthly_sales": 1777,
			"original_price": 799,
			"usd_price": 9.55,
			"product_type": "Physical",
			"category": "Patio Lawn & Garden",
			"quick_search": [
				{
					"platform": "facebook",
					"link": "https://www.facebook.com/ads/library/?active_status=all&ad_type=all&country=ALL&q=goodsgalaxy.in&search_type=keyword_unordered&media_type=all"
				},
				{
					"platform": "aliexpress",
					"link": "https://www.aliexpress.com/wholesale?SearchText=Goods Galaxy Portable Mini Car Vacuum Cleaner: A 2-in-1 USB Rechargeable Wireless Handheld Vacuum Cleaner, Perfect for Traveling, Camping, and More!"
				},
				{
					"platform": "amazon",
					"link": "https://www.amazon.com/s?k=Goods Galaxy Portable Mini Car Vacuum Cleaner: A 2-in-1 USB Rechargeable Wireless Handheld Vacuum Cleaner, Perfect for Traveling, Camping, and More!"
				}
			],
			"store": {
				"id": 28962545,
				"internal_shop_id": 28962545,
				"original_domain": "3b5128-42.myshopify.com",
				"best_ranked_domain": "goodsgalaxy.in",
				"created_at": "2024-03-18T00:00:00.000000Z",
				"currency": "INR",
				"custom_domain": "goodsgalaxy.in",
				"favicon": "https://goodsgalaxy.in/cdn/shop/files/G__10_-removebg-preview.png",
				"is_tracked": false,
				"products_count": 24,
				"shopify_shop_id": 86170665249
			},
			"usd_price_min": 9.55
		},
		{
			"id": 9068912541978,
			"handle": "meneflix-portable-mini-hair-straightener-cordless-rechargeable-mini-adjustable-hair-straightener-hot-comb",
			"title": "Meneflix Portable Mini Hair Straightener Cordless Rechargeable Mini Adjustable Hair Straightener Hot Comb",
			"created_at": "2024-03-28T07:28:17.000000Z",
			"images": 6,
			"is_tracked": false,
			"main_image": "https://cdn.shopify.com/s/files/1/0868/2415/7466/files/6559336766.remini-enhanced.png?v=1711638786",
			"variants": 1,
			"monthly_revenue": 3907.04,
			"monthly_sales": 467,
			"original_price": 699,
			"usd_price": 8.35,
			"product_type": "Physical",
			"category": "Health & Household",
			"quick_search": [
				{
					"platform": "facebook",
					"link": "https://www.facebook.com/ads/library/?active_status=all&ad_type=all&country=ALL&q=rsnv.store&search_type=keyword_unordered&media_type=all"
				},
				{
					"platform": "aliexpress",
					"link": "https://www.aliexpress.com/wholesale?SearchText=Meneflix Portable Mini Hair Straightener Cordless Rechargeable Mini Adjustable Hair Straightener Hot Comb"
				},
				{
					"platform": "amazon",
					"link": "https://www.amazon.com/s?k=Meneflix Portable Mini Hair Straightener Cordless Rechargeable Mini Adjustable Hair Straightener Hot Comb"
				}
			],
			"store": {
				"id": 29394229,
				"internal_shop_id": 29394229,
				"original_domain": "dd2bde-e8.myshopify.com",
				"best_ranked_domain": "rsnv.store",
				"created_at": "2024-03-26T00:00:00.000000Z",
				"currency": "INR",
				"custom_domain": "rsnv.store",
				"favicon": "",
				"is_tracked": false,
				"products_count": 13,
				"shopify_shop_id": 86824157466
			},
			"usd_price_min": 8.35
		},
		{
			"id": 7988595097873,
			"handle": "base-moisture-anti-manchas-expressoes-frete-gratis",
			"title": "FRETE GRÁTIS - Base Moisture Cushion 40g - Anti Manchas & Expressões",
			"created_at": "2022-11-05T20:31:10.000000Z",
			"images": 7,
			"is_tracked": false,
			"main_image": "https://cdn.shopify.com/s/files/1/0672/2928/6673/products/CapturadeTela2022-11-05as17.22.55.png?v=1667680273",
			"variants": 3,
			"monthly_revenue": 13224.65,
			"monthly_sales": 2457,
			"original_price": 29.9,
			"usd_price": 5.71,
			"product_type": "Physical",
			"category": "Arts Crafts & Sewing",
			"quick_search": [
				{
					"platform": "facebook",
					"link": "https://www.facebook.com/ads/library/?active_status=all&ad_type=all&country=ALL&q=lojamulherpoderosa.com&search_type=keyword_unordered&media_type=all"
				},
				{
					"platform": "aliexpress",
					"link": "https://www.aliexpress.com/wholesale?SearchText=FRETE GRÁTIS - Base Moisture Cushion 40g - Anti Manchas & Expressões"
				},
				{
					"platform": "amazon",
					"link": "https://www.amazon.com/s?k=FRETE GRÁTIS - Base Moisture Cushion 40g - Anti Manchas & Expressões"
				}
			],
			"store": {
				"id": 8768712,
				"internal_shop_id": 8768712,
				"original_domain": "9594c0.myshopify.com",
				"best_ranked_domain": "www.lojamulherpoderosa.com",
				"created_at": "2022-11-05T00:00:00.000000Z",
				"currency": "BRL",
				"custom_domain": "www.lojamulherpoderosa.com",
				"favicon": "https://www.lojavocebela.com/cdn/shop/files/Captura_de_Tela_2024-04-12_as_10.01.10_96x96.png",
				"is_tracked": false,
				"products_count": 10,
				"shopify_shop_id": 67229286673
			},
			"usd_price_min": 5.71
		},
		{
			"id": 8405351956713,
			"handle": "mini-fan-and-portable-dual-bladeless-air-conditioner",
			"title": "Mini Fan and Portable Dual Bladeless Air Conditioner",
			"created_at": "2024-03-19T19:08:28.000000Z",
			"images": 4,
			"is_tracked": false,
			"main_image": "https://cdn.shopify.com/s/files/1/0685/1198/9993/products/7855354742.jpg?v=1710875308",
			"variants": 1,
			"monthly_revenue": 4459.41,
			"monthly_sales": 745,
			"original_price": 499,
			"usd_price": 5.97,
			"product_type": "Physical",
			"category": "Electronics",
			"quick_search": [
				{
					"platform": "facebook",
					"link": "https://www.facebook.com/ads/library/?active_status=all&ad_type=all&country=ALL&q=urbantecho.com&search_type=keyword_unordered&media_type=all"
				},
				{
					"platform": "aliexpress",
					"link": "https://www.aliexpress.com/wholesale?SearchText=Mini Fan and Portable Dual Bladeless Air Conditioner"
				},
				{
					"platform": "amazon",
					"link": "https://www.amazon.com/s?k=Mini Fan and Portable Dual Bladeless Air Conditioner"
				}
			],
			"store": {
				"id": 26959666,
				"internal_shop_id": 26959666,
				"original_domain": "143f4d-6c.myshopify.com",
				"best_ranked_domain": "www.urbantecho.com",
				"created_at": "2024-02-29T00:00:00.000000Z",
				"currency": "INR",
				"custom_domain": "www.urbantecho.com",
				"favicon": "https://data:image/x-icon;base64,iVBORw0KGgoAAAANSUhEUgAAABAAAAAQEAYAAABPYyMiAAAABmJLR0T///////8JWPfcAAAACXBIWXMAAABIAAAASABGyWs+AAAAF0lEQVRIx2NgGAWjYBSMglEwCkbBSAcACBAAAeaR9cIAAAAASUVORK5CYII=",
				"is_tracked": false,
				"products_count": 23,
				"shopify_shop_id": 68511989993
			},
			"usd_price_min": 5.97
		},
		{
			"id": 8924044460339,
			"handle": "bubble-bum-portable-fan-for-stroller-rechargeable-travel-fan-clip-on-baby-stroller-fan-for-bed-car-treadmill-and-bike-mini-portable-fan-w-3-speed-and-light-settings-plus-360-rotation-black",
			"title": "Bubble Bum Portable Fan for Stroller, Rechargeable Travel Fan, Clip on Baby Stroller Fan for Bed, Car, Treadmill and Bike, Mini Portable Fan w/ 3 Speed and Light Settings plus 360° Rotation – Black",
			"created_at": "2024-01-23T12:18:54.000000Z",
			"images": 9,
			"is_tracked": false,
			"main_image": "https://cdn.shopify.com/s/files/1/0722/9872/5683/files/Image_3.png?v=1706012339",
			"variants": 1,
			"monthly_revenue": 11726.09,
			"monthly_sales": 391,
			"original_price": null,
			"original_price_max": null,
			"original_price_min": null,
			"usd_price": 29.99,
			"product_type": "Physical",
			"category": "Baby",
			"quick_search": [
				{
					"platform": "facebook",
					"link": "https://www.facebook.com/ads/library/?active_status=all&ad_type=all&country=ALL&q=bubblebum.co&search_type=keyword_unordered&media_type=all"
				},
				{
					"platform": "aliexpress",
					"link": "https://www.aliexpress.com/wholesale?SearchText=Bubble Bum Portable Fan for Stroller, Rechargeable Travel Fan, Clip on Baby Stroller Fan for Bed, Car, Treadmill and Bike, Mini Portable Fan w/ 3 Speed and Light Settings plus 360° Rotation – Black"
				},
				{
					"platform": "amazon",
					"link": "https://www.amazon.com/s?k=Bubble Bum Portable Fan for Stroller, Rechargeable Travel Fan, Clip on Baby Stroller Fan for Bed, Car, Treadmill and Bike, Mini Portable Fan w/ 3 Speed and Light Settings plus 360° Rotation – Black"
				}
			],
			"store": {
				"id": 13426334,
				"internal_shop_id": 13426334,
				"original_domain": "bubblebum-booster-seats.myshopify.com",
				"best_ranked_domain": "www.bubblebum.co",
				"created_at": "2016-12-30T00:00:00.000000Z",
				"currency": "USD",
				"custom_domain": "www.bubblebum.co",
				"favicon": "https://bubblebum.co/cdn/shop/files/bubblebum-logo_32x32.png",
				"is_tracked": false,
				"products_count": 18,
				"shopify_shop_id": 72298725683
			},
			"usd_price_min": 29.99
		},
		{
			"id": 8962643362101,
			"handle": "no-cover-twist-cup-travel-portable-cup-double-insulation-tumbler-straw-sippy-water-bottles-portable-for-children-adults",
			"title": "No Cover Twist Cup Travel Portable Cup Double Insulation Tumbler.",
			"created_at": "2023-11-30T18:16:09.000000Z",
			"images": 15,
			"is_tracked": false,
			"main_image": "https://cdn.shopify.com/s/files/1/0731/6396/4725/files/0dbdff8a-7c85-4a9b-8e22-91d01f58dc13.jpg?v=1701368171",
			"variants": 6,
			"monthly_revenue": 9250.4,
			"monthly_sales": 496,
			"original_price": null,
			"original_price_max": null,
			"original_price_min": null,
			"usd_price": 18.65,
			"product_type": "Physical",
			"category": "Home & Kitchen & Dining",
			"quick_search": [
				{
					"platform": "facebook",
					"link": "https://www.facebook.com/ads/library/?active_status=all&ad_type=all&country=ALL&q=falaestore.com&search_type=keyword_unordered&media_type=all"
				},
				{
					"platform": "aliexpress",
					"link": "https://www.aliexpress.com/wholesale?SearchText=No Cover Twist Cup Travel Portable Cup Double Insulation Tumbler."
				},
				{
					"platform": "amazon",
					"link": "https://www.amazon.com/s?k=No Cover Twist Cup Travel Portable Cup Double Insulation Tumbler."
				}
			],
			"store": {
				"id": 12713215,
				"internal_shop_id": 12713215,
				"original_domain": "falaestore-9503.myshopify.com",
				"best_ranked_domain": "falaestore.com",
				"created_at": "2023-03-10T00:00:00.000000Z",
				"currency": "USD",
				"custom_domain": "falaestore.com",
				"favicon": "https://data:image/x-icon;base64,iVBORw0KGgoAAAANSUhEUgAAABAAAAAQEAYAAABPYyMiAAAABmJLR0T///////8JWPfcAAAACXBIWXMAAABIAAAASABGyWs+AAAAF0lEQVRIx2NgGAWjYBSMglEwCkbBSAcACBAAAeaR9cIAAAAASUVORK5CYII=",
				"is_tracked": false,
				"products_count": 16,
				"shopify_shop_id": 73163964725
			},
			"usd_price_min": 18.65
		},
		{
			"id": 7707118370993,
			"handle": "portable-air-duster-wireless-vacuum-cleaner",
			"title": "Portable Air Duster Wireless Vacuum Cleaner",
			"created_at": "2024-03-25T12:03:23.000000Z",
			"images": 6,
			"is_tracked": false,
			"main_image": "https://cdn.shopify.com/s/files/1/0637/8337/0929/files/7130496472.jpg?v=1711368203",
			"variants": 1,
			"monthly_revenue": 8185.76,
			"monthly_sales": 1065,
			"original_price": 641,
			"usd_price": 7.66,
			"product_type": "Physical",
			"category": "Electronics",
			"quick_search": [
				{
					"platform": "facebook",
					"link": "https://www.facebook.com/ads/library/?active_status=all&ad_type=all&country=ALL&q=shopidor.net.in&search_type=keyword_unordered&media_type=all"
				},
				{
					"platform": "aliexpress",
					"link": "https://www.aliexpress.com/wholesale?SearchText=Portable Air Duster Wireless Vacuum Cleaner"
				},
				{
					"platform": "amazon",
					"link": "https://www.amazon.com/s?k=Portable Air Duster Wireless Vacuum Cleaner"
				}
			],
			"store": {
				"id": 19115472,
				"internal_shop_id": 19115472,
				"original_domain": "f3faa1-3.myshopify.com",
				"best_ranked_domain": "shopidor.net.in",
				"created_at": "2024-01-06T00:00:00.000000Z",
				"currency": "INR",
				"custom_domain": "shopidor.net.in",
				"favicon": "https://f3faa1-3.myshopify.com/cdn/shop/files/Shopidor_Fevicon.png",
				"is_tracked": false,
				"products_count": 15,
				"shopify_shop_id": 63783370929
			},
			"usd_price_min": 7.66
		},
		{
			"id": 8992322421026,
			"handle": "portable-electric-usb-juice-maker-bottle-blender-grinder-mixer-rechargeable-bottle-with-6-blades",
			"title": "Portable Electric USB Juice Maker Bottle | Blender Grinder Mixer | Rechargeable Bottle with 6 Blades",
			"created_at": "2024-03-28T14:49:27.000000Z",
			"images": 4,
			"is_tracked": false,
			"main_image": "https://cdn.shopify.com/s/files/1/0865/3085/1106/files/5882452198.jpg?v=1711637367",
			"variants": 1,
			"monthly_revenue": 6198.29,
			"monthly_sales": 609,
			"original_price": 849,
			"usd_price": 10.16,
			"product_type": "Physical",
			"category": "Electronics",
			"quick_search": [
				{
					"platform": "facebook",
					"link": "https://www.facebook.com/ads/library/?active_status=all&ad_type=all&country=ALL&q=homifyi.com&search_type=keyword_unordered&media_type=all"
				},
				{
					"platform": "aliexpress",
					"link": "https://www.aliexpress.com/wholesale?SearchText=Portable Electric USB Juice Maker Bottle | Blender Grinder Mixer | Rechargeable Bottle with 6 Blades"
				},
				{
					"platform": "amazon",
					"link": "https://www.amazon.com/s?k=Portable Electric USB Juice Maker Bottle | Blender Grinder Mixer | Rechargeable Bottle with 6 Blades"
				}
			],
			"store": {
				"id": 27892215,
				"internal_shop_id": 27892215,
				"original_domain": "9c551f-65.myshopify.com",
				"best_ranked_domain": "www.homifyi.com",
				"created_at": "2024-03-08T00:00:00.000000Z",
				"currency": "INR",
				"custom_domain": "www.homifyi.com",
				"favicon": "",
				"is_tracked": false,
				"products_count": 24,
				"shopify_shop_id": 86530851106
			},
			"usd_price_min": 10.16
		},
		{
			"id": 9000566784287,
			"handle": "professional-electric-hair-straightener-comb-brush",
			"title": "Professional Electric Hair Straightener Comb Brush",
			"created_at": "2024-03-22T10:53:00.000000Z",
			"images": 5,
			"is_tracked": false,
			"main_image": "https://cdn.shopify.com/s/files/1/0857/8796/7775/files/5561272441.jpg?v=1711104780",
			"variants": 1,
			"monthly_revenue": 13074.72,
			"monthly_sales": 1213,
			"original_price": 899,
			"usd_price": 10.75,
			"product_type": "Physical",
			"category": "Health & Household",
			"quick_search": [
				{
					"platform": "facebook",
					"link": "https://www.facebook.com/ads/library/?active_status=all&ad_type=all&country=ALL&q=shopping-karto.myshopify.com&search_type=keyword_unordered&media_type=all"
				},
				{
					"platform": "aliexpress",
					"link": "https://www.aliexpress.com/wholesale?SearchText=Professional Electric Hair Straightener Comb Brush"
				},
				{
					"platform": "amazon",
					"link": "https://www.amazon.com/s?k=Professional Electric Hair Straightener Comb Brush"
				}
			],
			"store": {
				"id": 25642378,
				"internal_shop_id": 25642378,
				"original_domain": "782399-3e.myshopify.com",
				"best_ranked_domain": null,
				"created_at": "2024-02-20T00:00:00.000000Z",
				"currency": "INR",
				"custom_domain": "shopping-karto.myshopify.com",
				"favicon": "",
				"is_tracked": false,
				"products_count": 25,
				"shopify_shop_id": 85787967775
			},
			"usd_price_min": 10.75
		},
		{
			"id": 8922360611128,
			"handle": "portable-air-duster-wireless-vacuum-cleaner",
			"title": "Portable 2 in 1 Air Duster Wireless Vacuum Cleaner",
			"created_at": "2024-01-03T15:54:48.000000Z",
			"images": 10,
			"is_tracked": false,
			"main_image": "https://cdn.shopify.com/s/files/1/0857/7689/2216/products/4471561838.jpg?v=1704297288",
			"variants": 1,
			"monthly_revenue": 2664.27,
			"monthly_sales": 278,
			"original_price": 799,
			"usd_price": 9.56,
			"product_type": "Physical",
			"category": "Electronics",
			"quick_search": [
				{
					"platform": "facebook",
					"link": "https://www.facebook.com/ads/library/?active_status=all&ad_type=all&country=ALL&q=waldenmart.in&search_type=keyword_unordered&media_type=all"
				},
				{
					"platform": "aliexpress",
					"link": "https://www.aliexpress.com/wholesale?SearchText=Portable 2 in 1 Air Duster Wireless Vacuum Cleaner"
				},
				{
					"platform": "amazon",
					"link": "https://www.amazon.com/s?k=Portable 2 in 1 Air Duster Wireless Vacuum Cleaner"
				}
			],
			"store": {
				"id": 17162138,
				"internal_shop_id": 17162138,
				"original_domain": "95c955-2.myshopify.com",
				"best_ranked_domain": "waldenmart.in",
				"created_at": "2024-01-03T00:00:00.000000Z",
				"currency": "INR",
				"custom_domain": "waldenmart.in",
				"favicon": "https://waldenmart.in/cdn/shop/files/favicon-32x32.png",
				"is_tracked": false,
				"products_count": 8,
				"shopify_shop_id": 85776892216
			},
			"usd_price_min": 9.56
		},
		{
			"id": 8083566100756,
			"handle": "new-upgrade-portable-electric-coffee-grinder-type-c-usb-charge-profession-ceramic-grinding-core-coffee-beans-grinder",
			"title": "Portable Electric Coffee Grinder Ceramic Grinding Core Coffee Beans Grinder",
			"created_at": "2023-01-16T17:03:34.000000Z",
			"images": 12,
			"is_tracked": false,
			"main_image": "https://cdn.shopify.com/s/files/1/0681/8562/0756/products/74b88304-d8a5-4949-92e1-179f3c52586c.jpg?v=1673888614",
			"variants": 2,
			"monthly_revenue": 6838.29,
			"monthly_sales": 171,
			"original_price": null,
			"original_price_max": null,
			"original_price_min": null,
			"usd_price": 39.99,
			"product_type": "Physical",
			"category": "Electronics",
			"quick_search": [
				{
					"platform": "facebook",
					"link": "https://www.facebook.com/ads/library/?active_status=all&ad_type=all&country=ALL&q=chefsekitchen.com&search_type=keyword_unordered&media_type=all"
				},
				{
					"platform": "aliexpress",
					"link": "https://www.aliexpress.com/wholesale?SearchText=Portable Electric Coffee Grinder Ceramic Grinding Core Coffee Beans Grinder"
				},
				{
					"platform": "amazon",
					"link": "https://www.amazon.com/s?k=Portable Electric Coffee Grinder Ceramic Grinding Core Coffee Beans Grinder"
				}
			],
			"store": {
				"id": 10029428,
				"internal_shop_id": 10029428,
				"original_domain": "4db6ac.myshopify.com",
				"best_ranked_domain": "chefsekitchen.com",
				"created_at": "2022-11-18T00:00:00.000000Z",
				"currency": "USD",
				"custom_domain": "chefsekitchen.com",
				"favicon": "https://chefsekitchen.com/cdn/shop/files/facebook_profile_image.png",
				"is_tracked": false,
				"products_count": 16,
				"shopify_shop_id": 68185620756
			},
			"usd_price_min": 39.99
		},
		{
			"id": 9095683866944,
			"handle": "portable-mini-sealing-machine-battery-operated",
			"title": "PORTABLE SEALING MACHINE - GIZMO CRUFT™",
			"created_at": "2024-03-06T10:01:37.000000Z",
			"images": 5,
			"is_tracked": false,
			"main_image": "https://cdn.shopify.com/s/files/1/0861/2397/0880/products/4321133283.jpg?v=1709719298",
			"variants": 1,
			"monthly_revenue": 6113.089999999999,
			"monthly_sales": 1021,
			"original_price": 499,
			"usd_price": 5.97,
			"product_type": "Physical",
			"category": "Home & Kitchen & Dining",
			"quick_search": [
				{
					"platform": "facebook",
					"link": "https://www.facebook.com/ads/library/?active_status=all&ad_type=all&country=ALL&q=royalproductshop.com&search_type=keyword_unordered&media_type=all"
				},
				{
					"platform": "aliexpress",
					"link": "https://www.aliexpress.com/wholesale?SearchText=PORTABLE SEALING MACHINE - GIZMO CRUFT™"
				},
				{
					"platform": "amazon",
					"link": "https://www.amazon.com/s?k=PORTABLE SEALING MACHINE - GIZMO CRUFT™"
				}
			],
			"store": {
				"id": 24895705,
				"internal_shop_id": 24895705,
				"original_domain": "62fc7e-2.myshopify.com",
				"best_ranked_domain": null,
				"created_at": "2024-02-13T00:00:00.000000Z",
				"currency": "INR",
				"custom_domain": "royalproductshop.com",
				"favicon": "https://royalproductshop.com/cdn/shop/files/e2d3f2ba2bfav_192x192.png",
				"is_tracked": false,
				"products_count": 10,
				"shopify_shop_id": 86123970880
			},
			"usd_price_min": 5.97
		},
		{
			"id": 7418356498588,
			"handle": "glyphodetox™-professional",
			"title": "GlyphoDetox™ Professional",
			"created_at": "2022-09-17T00:24:33.000000Z",
			"images": 3,
			"is_tracked": false,
			"main_image": "https://cdn.shopify.com/s/files/1/0254/4294/3048/products/Untitleddesign_90.png?v=1663374400",
			"variants": 1,
			"monthly_revenue": 2776.8,
			"monthly_sales": 89,
			"original_price": null,
			"original_price_max": null,
			"original_price_min": null,
			"usd_price": 31.2,
			"product_type": "Physical",
			"category": "Health & Household",
			"quick_search": [
				{
					"platform": "facebook",
					"link": "https://www.facebook.com/ads/library/?active_status=all&ad_type=all&country=ALL&q=clinicalsynergyformulas.com&search_type=keyword_unordered&media_type=all"
				},
				{
					"platform": "aliexpress",
					"link": "https://www.aliexpress.com/wholesale?SearchText=GlyphoDetox™ Professional"
				},
				{
					"platform": "amazon",
					"link": "https://www.amazon.com/s?k=GlyphoDetox™ Professional"
				}
			],
			"store": {
				"id": 38420,
				"internal_shop_id": 38420,
				"original_domain": "clinical-synergy-formulas.myshopify.com",
				"best_ranked_domain": "www.clinicalsynergyformulas.com",
				"created_at": "2016-10-28T00:00:00.000000Z",
				"currency": "USD",
				"custom_domain": "www.clinicalsynergyformulas.com",
				"favicon": "https://www.clinicalsynergyformulas.com/cdn/shop/files/favicon_32x32.png",
				"is_tracked": false,
				"products_count": 25,
				"shopify_shop_id": 25442943048
			},
			"usd_price_min": 31.2
		},
		{
			"id": 8247071211822,
			"handle": "walkingpad-standing-desk-height-adjustable",
			"title": "WalkingPad Standing Desk Height Adjustable 27.5\" to 47.2\" (14 Styles)",
			"created_at": "2023-04-12T09:39:05.000000Z",
			"images": 32,
			"is_tracked": false,
			"main_image": "https://cdn.shopify.com/s/files/1/0697/7817/8350/products/WalkingPadHeightAdjustable-standing-desk-5.jpg?v=1690774671",
			"variants": 14,
			"monthly_revenue": 5247.89,
			"monthly_sales": 11,
			"original_price": 379,
			"usd_price": 471.97,
			"product_type": "Physical",
			"category": "Sports & Outdoors",
			"quick_search": [
				{
					"platform": "facebook",
					"link": "https://www.facebook.com/ads/library/?active_status=all&ad_type=all&country=ALL&q=walkingpad.com&search_type=keyword_unordered&media_type=all"
				},
				{
					"platform": "aliexpress",
					"link": "https://www.aliexpress.com/wholesale?SearchText=WalkingPad Standing Desk Height Adjustable 27.5\" to 47.2\" (14 Styles)"
				},
				{
					"platform": "amazon",
					"link": "https://www.amazon.com/s?k=WalkingPad Standing Desk Height Adjustable 27.5\" to 47.2\" (14 Styles)"
				}
			],
			"store": {
				"id": 9958330,
				"internal_shop_id": 9958330,
				"original_domain": "uk-walkingpad.myshopify.com",
				"best_ranked_domain": "www.walkingpad.com",
				"created_at": "2022-12-29T00:00:00.000000Z",
				"currency": "GBP",
				"custom_domain": "www.walkingpad.com",
				"favicon": "https://uk.walkingpad.com/cdn/shop/files/favicon_42552bb2-e20e-4755-8db7-0333401c86dc.png",
				"is_tracked": false,
				"products_count": 14,
				"shopify_shop_id": 69778178350
			},
			"usd_price_min": 471.97
		},
		{
			"id": 9044108280096,
			"handle": "14-000-btu-portable-air-conditioner-wifi-enabled-ac-unit-cools-up-to-650-sq-ft",
			"title": "14,000 BTU Portable Air Conditioner, WiFi Enabled AC Unit Cools Up To 650 Sq. Ft",
			"created_at": "2024-02-23T01:10:41.000000Z",
			"images": 6,
			"is_tracked": false,
			"main_image": "https://cdn.shopify.com/s/files/1/0785/7763/1520/files/048-OPAC-9B_01.jpg?v=1708650645",
			"variants": 1,
			"monthly_revenue": 4299.6,
			"monthly_sales": 10,
			"original_price": null,
			"original_price_max": null,
			"original_price_min": null,
			"usd_price": 429.96,
			"product_type": "Physical",
			"category": "Appliances",
			"quick_search": [
				{
					"platform": "facebook",
					"link": "https://www.facebook.com/ads/library/?active_status=all&ad_type=all&country=ALL&q=dellahome.com&search_type=keyword_unordered&media_type=all"
				},
				{
					"platform": "aliexpress",
					"link": "https://www.aliexpress.com/wholesale?SearchText=14,000 BTU Portable Air Conditioner, WiFi Enabled AC Unit Cools Up To 650 Sq. Ft"
				},
				{
					"platform": "amazon",
					"link": "https://www.amazon.com/s?k=14,000 BTU Portable Air Conditioner, WiFi Enabled AC Unit Cools Up To 650 Sq. Ft"
				}
			],
			"store": {
				"id": 15763601,
				"internal_shop_id": 15763601,
				"original_domain": "dellahome-store.myshopify.com",
				"best_ranked_domain": "dellahome.com",
				"created_at": "2018-07-06T00:00:00.000000Z",
				"currency": "USD",
				"custom_domain": "dellahome.com",
				"favicon": "https://dellahome.com/cdn/shop/files/della-favicon_96x96.png",
				"is_tracked": false,
				"products_count": 25,
				"shopify_shop_id": 78577631520
			},
			"usd_price_min": 429.96
		},
		{
			"id": 5355655299116,
			"handle": "ignatgames-steel-tip-darts-set-professional-darts-with-aluminum-shafts-rubber-orings-and-extra-flights-dart-sharpener-brass-12-pack-mega-blast",
			"title": "Professional Steel Tip Darts Set - 12 pieces Mega Blast",
			"created_at": "2020-09-02T06:53:50.000000Z",
			"images": 5,
			"is_tracked": false,
			"main_image": "https://cdn.shopify.com/s/files/1/0343/9453/8028/products/B06Y1113D2.MAIN.jpg?v=1682095370",
			"variants": 1,
			"monthly_revenue": 8284.2,
			"monthly_sales": 118,
			"original_price": null,
			"original_price_max": null,
			"original_price_min": null,
			"usd_price": 69.99,
			"product_type": "Physical",
			"category": "Toys & Games",
			"quick_search": [
				{
					"platform": "facebook",
					"link": "https://www.facebook.com/ads/library/?active_status=all&ad_type=all&country=ALL&q=shop.ignatgames.com&search_type=keyword_unordered&media_type=all"
				},
				{
					"platform": "aliexpress",
					"link": "https://www.aliexpress.com/wholesale?SearchText=Professional Steel Tip Darts Set - 12 pieces Mega Blast"
				},
				{
					"platform": "amazon",
					"link": "https://www.amazon.com/s?k=Professional Steel Tip Darts Set - 12 pieces Mega Blast"
				}
			],
			"store": {
				"id": 2605667,
				"internal_shop_id": 2605667,
				"original_domain": "ignatgames.myshopify.com",
				"best_ranked_domain": "shop.ignatgames.com",
				"created_at": "2020-09-02T00:00:00.000000Z",
				"currency": "USD",
				"custom_domain": "shop.ignatgames.com",
				"favicon": "https://shop.ignatgames.com/cdn/shop/files/favicon-150x150_32x32.png",
				"is_tracked": false,
				"products_count": 22,
				"shopify_shop_id": 34394538028
			},
			"usd_price_min": 69.99
		},
		{
			"id": 7785541861558,
			"handle": "portable-air-duster-wireless-vacuum-cleaner",
			"title": "Portable Air Duster Wireless Vacuum Cleaner",
			"created_at": "2024-02-29T14:00:28.000000Z",
			"images": 6,
			"is_tracked": false,
			"main_image": "https://cdn.shopify.com/s/files/1/0642/7820/0502/products/7130496472.jpg?v=1709215228",
			"variants": 1,
			"monthly_revenue": 3913.4600000000005,
			"monthly_sales": 413,
			"original_price": 790,
			"usd_price": 9.45,
			"product_type": "Physical",
			"category": "Electronics",
			"quick_search": [
				{
					"platform": "facebook",
					"link": "https://www.facebook.com/ads/library/?active_status=all&ad_type=all&country=ALL&q=b711a5-14.myshopify.com&search_type=keyword_unordered&media_type=all"
				},
				{
					"platform": "aliexpress",
					"link": "https://www.aliexpress.com/wholesale?SearchText=Portable Air Duster Wireless Vacuum Cleaner"
				},
				{
					"platform": "amazon",
					"link": "https://www.amazon.com/s?k=Portable Air Duster Wireless Vacuum Cleaner"
				}
			],
			"store": {
				"id": 27089918,
				"internal_shop_id": 27089918,
				"original_domain": "b711a5-14.myshopify.com",
				"best_ranked_domain": null,
				"created_at": "2024-02-29T00:00:00.000000Z",
				"currency": "INR",
				"custom_domain": "b711a5-14.myshopify.com",
				"favicon": "",
				"is_tracked": false,
				"products_count": 16,
				"shopify_shop_id": 64278200502
			},
			"usd_price_min": 9.45
		},
		{
			"id": 6972732309550,
			"handle": "mini-electric-shaver",
			"title": "Portable Mini Electric Shaver, Pocket Beard Trimmer 🔥50% OFF TODAY🔥",
			"created_at": "2024-03-20T14:53:04.000000Z",
			"images": 6,
			"is_tracked": false,
			"main_image": "https://cdn.shopify.com/s/files/1/0562/3470/4942/files/61Lcsu7pgxL._SL1000.jpg?v=1712314296",
			"variants": 1,
			"monthly_revenue": 19683.08,
			"monthly_sales": 2348,
			"original_price": 699,
			"usd_price": 8.36,
			"product_type": "Physical",
			"category": "Health & Household",
			"quick_search": [
				{
					"platform": "facebook",
					"link": "https://www.facebook.com/ads/library/?active_status=all&ad_type=all&country=ALL&q=lynedlove.com&search_type=keyword_unordered&media_type=all"
				},
				{
					"platform": "aliexpress",
					"link": "https://www.aliexpress.com/wholesale?SearchText=Portable Mini Electric Shaver, Pocket Beard Trimmer 🔥50% OFF TODAY🔥"
				},
				{
					"platform": "amazon",
					"link": "https://www.amazon.com/s?k=Portable Mini Electric Shaver, Pocket Beard Trimmer 🔥50% OFF TODAY🔥"
				}
			],
			"store": {
				"id": 29272637,
				"internal_shop_id": 29272637,
				"original_domain": "1c69ed-1a.myshopify.com",
				"best_ranked_domain": null,
				"created_at": "2024-03-12T00:00:00.000000Z",
				"currency": "INR",
				"custom_domain": "www.lynedlove.com",
				"favicon": "https://www.lynedlove.com/cdn/shop/files/LL.png",
				"is_tracked": false,
				"products_count": 23,
				"shopify_shop_id": 56234704942
			},
			"usd_price_min": 8.36
		},
		{
			"id": 6739888078963,
			"handle": "bucket-hats-mossy-oak-and-realtree-camo",
			"title": "2-in-1 Leafy Face Mask and Bucket Hat (Adjustable, OSFM)",
			"created_at": "2022-01-23T04:22:55.000000Z",
			"images": 25,
			"is_tracked": false,
			"main_image": "https://cdn.shopify.com/s/files/1/0056/9389/8850/products/MossyOakandRealtreeLeafyCamoBucketHatFaceMaskforHunting.webp?v=1674030318",
			"variants": 12,
			"monthly_revenue": 6076.2,
			"monthly_sales": 156,
			"original_price": null,
			"original_price_max": null,
			"original_price_min": null,
			"usd_price": 38.95,
			"product_type": "Physical",
			"category": "Camera & Photo",
			"quick_search": [
				{
					"platform": "facebook",
					"link": "https://www.facebook.com/ads/library/?active_status=all&ad_type=all&country=ALL&q=quikcamo.com&search_type=keyword_unordered&media_type=all"
				},
				{
					"platform": "aliexpress",
					"link": "https://www.aliexpress.com/wholesale?SearchText=2-in-1 Leafy Face Mask and Bucket Hat (Adjustable, OSFM)"
				},
				{
					"platform": "amazon",
					"link": "https://www.amazon.com/s?k=2-in-1 Leafy Face Mask and Bucket Hat (Adjustable, OSFM)"
				}
			],
			"store": {
				"id": 41511,
				"internal_shop_id": 41511,
				"original_domain": "quikcamo.myshopify.com",
				"best_ranked_domain": "quikcamo.com",
				"created_at": "2019-05-17T00:00:00.000000Z",
				"currency": "USD",
				"custom_domain": "quikcamo.com",
				"favicon": "https://quikcamo.com/cdn/shop/files/faviconqc.png",
				"is_tracked": false,
				"products_count": 20,
				"shopify_shop_id": 5693898850
			},
			"usd_price_min": 38.95
		},
		{
			"id": 8214010593516,
			"handle": "goggle-mask-anti-scratch-uv-protective",
			"title": "Goggle Mask Anti Scratch UV Protective",
			"created_at": "2024-02-29T13:46:20.000000Z",
			"images": 6,
			"is_tracked": false,
			"main_image": "https://cdn.shopify.com/s/files/1/0691/7095/4476/products/5745312016.jpg?v=1709214380",
			"variants": 1,
			"monthly_revenue": 3688.309999999999,
			"monthly_sales": 513,
			"original_price": 599,
			"usd_price": 7.17,
			"product_type": "Physical",
			"category": "Sports & Outdoors",
			"quick_search": [
				{
					"platform": "facebook",
					"link": "https://www.facebook.com/ads/library/?active_status=all&ad_type=all&country=ALL&q=47c42f-65.myshopify.com&search_type=keyword_unordered&media_type=all"
				},
				{
					"platform": "aliexpress",
					"link": "https://www.aliexpress.com/wholesale?SearchText=Goggle Mask Anti Scratch UV Protective"
				},
				{
					"platform": "amazon",
					"link": "https://www.amazon.com/s?k=Goggle Mask Anti Scratch UV Protective"
				}
			],
			"store": {
				"id": 26875894,
				"internal_shop_id": 26875894,
				"original_domain": "47c42f-65.myshopify.com",
				"best_ranked_domain": null,
				"created_at": "2024-02-29T00:00:00.000000Z",
				"currency": "INR",
				"custom_domain": "47c42f-65.myshopify.com",
				"favicon": "https://47c42f-65.myshopify.com/cdn/shop/files/Untitled_design-removebg-preview.png",
				"is_tracked": false,
				"products_count": 15,
				"shopify_shop_id": 69170954476
			},
			"usd_price_min": 7.17
		},
		{
			"id": 8275073335530,
			"handle": "portable-bladeless-hanging-rechargeable-neck-fan",
			"title": "Portable Bladeless Hanging Rechargeable Neck Fan",
			"created_at": "2024-03-22T08:53:26.000000Z",
			"images": 4,
			"is_tracked": false,
			"main_image": "https://cdn.shopify.com/s/files/1/0676/9488/7146/files/8483132276.jpg?v=1711097606",
			"variants": 1,
			"monthly_revenue": 21121.23,
			"monthly_sales": 1766,
			"original_price": 998,
			"usd_price": 11.94,
			"product_type": "Physical",
			"category": "Electronics",
			"quick_search": [
				{
					"platform": "facebook",
					"link": "https://www.facebook.com/ads/library/?active_status=all&ad_type=all&country=ALL&q=mallickgroup.in&search_type=keyword_unordered&media_type=all"
				},
				{
					"platform": "aliexpress",
					"link": "https://www.aliexpress.com/wholesale?SearchText=Portable Bladeless Hanging Rechargeable Neck Fan"
				},
				{
					"platform": "amazon",
					"link": "https://www.amazon.com/s?k=Portable Bladeless Hanging Rechargeable Neck Fan"
				}
			],
			"store": {
				"id": 34457867,
				"internal_shop_id": 34457867,
				"original_domain": "1c7338-82.myshopify.com",
				"best_ranked_domain": null,
				"created_at": "2024-03-20T00:00:00.000000Z",
				"currency": "INR",
				"custom_domain": "mallickgroup.in",
				"favicon": "",
				"is_tracked": false,
				"products_count": 14,
				"shopify_shop_id": 67694887146
			},
			"usd_price_min": 11.94
		},
		{
			"id": 7128095096874,
			"handle": "portable-air-duster-wireless-vacuum-cleaner",
			"title": "Portable Air Duster Wireless Vacuum Cleaner",
			"created_at": "2024-03-27T13:03:47.000000Z",
			"images": 6,
			"is_tracked": false,
			"main_image": "https://cdn.shopify.com/s/files/1/0601/6814/2890/files/7130496472.jpg?v=1711544627",
			"variants": 1,
			"monthly_revenue": 3086.1,
			"monthly_sales": 322,
			"original_price": 799,
			"usd_price": 9.56,
			"product_type": "Physical",
			"category": "Electronics",
			"quick_search": [
				{
					"platform": "facebook",
					"link": "https://www.facebook.com/ads/library/?active_status=all&ad_type=all&country=ALL&q=beemart.in&search_type=keyword_unordered&media_type=all"
				},
				{
					"platform": "aliexpress",
					"link": "https://www.aliexpress.com/wholesale?SearchText=Portable Air Duster Wireless Vacuum Cleaner"
				},
				{
					"platform": "amazon",
					"link": "https://www.amazon.com/s?k=Portable Air Duster Wireless Vacuum Cleaner"
				}
			],
			"store": {
				"id": 31929754,
				"internal_shop_id": 31929754,
				"original_domain": "8e7860-25.myshopify.com",
				"best_ranked_domain": null,
				"created_at": "2024-03-27T00:00:00.000000Z",
				"currency": "INR",
				"custom_domain": "beemart.in",
				"favicon": "https://beemart.in/cdn/shop/files/mart.jpg",
				"is_tracked": false,
				"products_count": 11,
				"shopify_shop_id": 60168142890
			},
			"usd_price_min": 9.56
		},
		{
			"id": 6665404317768,
			"handle": "portable-power-station-1000w",
			"title": "GRECELL Portable Power Station 1000W",
			"created_at": "2022-10-25T07:42:56.000000Z",
			"images": 7,
			"is_tracked": false,
			"main_image": "https://cdn.shopify.com/s/files/1/0284/7306/5544/products/GR-SE000301.jpg?v=1666683776",
			"variants": 1,
			"monthly_revenue": 3752,
			"monthly_sales": 8,
			"original_price": null,
			"original_price_max": null,
			"original_price_min": null,
			"usd_price": 469,
			"product_type": "Physical",
			"category": "Electronics",
			"quick_search": [
				{
					"platform": "facebook",
					"link": "https://www.facebook.com/ads/library/?active_status=all&ad_type=all&country=ALL&q=grecell.com&search_type=keyword_unordered&media_type=all"
				},
				{
					"platform": "aliexpress",
					"link": "https://www.aliexpress.com/wholesale?SearchText=GRECELL Portable Power Station 1000W"
				},
				{
					"platform": "amazon",
					"link": "https://www.amazon.com/s?k=GRECELL Portable Power Station 1000W"
				}
			],
			"store": {
				"id": 1228398,
				"internal_shop_id": 1228398,
				"original_domain": "poweraddmall-co-uk.myshopify.com",
				"best_ranked_domain": "grecell.com",
				"created_at": "2022-10-21T00:00:00.000000Z",
				"currency": "USD",
				"custom_domain": "grecell.com",
				"favicon": "https://grecell.com/cdn/shop/files/LOGO_32x32_9765256d-2152-4d9b-aa42-722cd610e9d5_180x180_crop_center.jpg",
				"is_tracked": false,
				"products_count": 20,
				"shopify_shop_id": 28473065544
			},
			"usd_price_min": 469
		},
		{
			"id": 8014772043974,
			"handle": "portable-air-duster-wireless-vacuum-cleaner",
			"title": "Portable Air Duster Wireless Vacuum Cleaner",
			"created_at": "2024-04-01T05:20:01.000000Z",
			"images": 6,
			"is_tracked": false,
			"main_image": "https://cdn.shopify.com/s/files/1/0625/8943/6102/files/7130496472.jpg?v=1711948801",
			"variants": 1,
			"monthly_revenue": 3762.03,
			"monthly_sales": 483,
			"original_price": 650,
			"usd_price": 7.78,
			"product_type": "Physical",
			"category": "Electronics",
			"quick_search": [
				{
					"platform": "facebook",
					"link": "https://www.facebook.com/ads/library/?active_status=all&ad_type=all&country=ALL&q=thedeck.store&search_type=keyword_unordered&media_type=all"
				},
				{
					"platform": "aliexpress",
					"link": "https://www.aliexpress.com/wholesale?SearchText=Portable Air Duster Wireless Vacuum Cleaner"
				},
				{
					"platform": "amazon",
					"link": "https://www.amazon.com/s?k=Portable Air Duster Wireless Vacuum Cleaner"
				}
			],
			"store": {
				"id": 31129537,
				"internal_shop_id": 31129537,
				"original_domain": "b27c2e-f3.myshopify.com",
				"best_ranked_domain": "thedeck.store",
				"created_at": "2024-03-31T00:00:00.000000Z",
				"currency": "INR",
				"custom_domain": "thedeck.store",
				"favicon": "",
				"is_tracked": false,
				"products_count": 12,
				"shopify_shop_id": 62589436102
			},
			"usd_price_min": 7.78
		},
		{
			"id": 8068526440728,
			"handle": "anti-aging-cream",
			"title": "Anti-Aging Cream",
			"created_at": "2022-12-21T22:35:54.000000Z",
			"images": 7,
			"is_tracked": false,
			"main_image": "https://cdn.shopify.com/s/files/1/0694/8267/6504/products/anti_aging_cream.png?v=1673220542",
			"variants": 1,
			"monthly_revenue": 6426,
			"monthly_sales": 34,
			"original_price": null,
			"original_price_max": null,
			"original_price_min": null,
			"usd_price": 189,
			"product_type": "Physical",
			"category": "Grocery & Gourmet Food",
			"quick_search": [
				{
					"platform": "facebook",
					"link": "https://www.facebook.com/ads/library/?active_status=all&ad_type=all&country=ALL&q=factorfiveskin.com&search_type=keyword_unordered&media_type=all"
				},
				{
					"platform": "aliexpress",
					"link": "https://www.aliexpress.com/wholesale?SearchText=Anti-Aging Cream"
				},
				{
					"platform": "amazon",
					"link": "https://www.amazon.com/s?k=Anti-Aging Cream"
				}
			],
			"store": {
				"id": 13938111,
				"internal_shop_id": 13938111,
				"original_domain": "factorfive-skincare.myshopify.com",
				"best_ranked_domain": "factorfiveskin.com",
				"created_at": "2017-02-10T00:00:00.000000Z",
				"currency": "USD",
				"custom_domain": "factorfiveskin.com",
				"favicon": "https://factorfiveskin.com/cdn/shop/files/favicon_5.png",
				"is_tracked": false,
				"products_count": 20,
				"shopify_shop_id": 69482676504
			},
			"usd_price_min": 189
		},
		{
			"id": 7939153330342,
			"handle": "quoya-ql600-smart-electric-curtain-track-motorized-motor-adjustable-track-length-compatible-with-alexa-google-siri-apple-watch-ql600-up-to-118-inches-3m",
			"title": "QUOYA QL600 Smart Electric Curtain Track, Motorized motor, Adjustable track length, compatible with Alexa, google, Siri, Apple Watch (QL600, up to 118 inches (3m))",
			"created_at": "2024-02-22T19:41:50.000000Z",
			"images": 8,
			"is_tracked": false,
			"main_image": "https://cdn.shopify.com/s/files/1/0457/5985/6806/products/71j3k-HjKHL.jpg?v=1708630910",
			"variants": 3,
			"monthly_revenue": 9593.45,
			"monthly_sales": 39,
			"original_price": 159,
			"usd_price": 198.01,
			"product_type": "Physical",
			"category": "Appliances",
			"quick_search": [
				{
					"platform": "facebook",
					"link": "https://www.facebook.com/ads/library/?active_status=all&ad_type=all&country=ALL&q=quoyaliving.com&search_type=keyword_unordered&media_type=all"
				},
				{
					"platform": "aliexpress",
					"link": "https://www.aliexpress.com/wholesale?SearchText=QUOYA QL600 Smart Electric Curtain Track, Motorized motor, Adjustable track length, compatible with Alexa, google, Siri, Apple Watch (QL600, up to 118 inches (3m))"
				},
				{
					"platform": "amazon",
					"link": "https://www.amazon.com/s?k=QUOYA QL600 Smart Electric Curtain Track, Motorized motor, Adjustable track length, compatible with Alexa, google, Siri, Apple Watch (QL600, up to 118 inches (3m))"
				}
			],
			"store": {
				"id": 64478,
				"internal_shop_id": 64478,
				"original_domain": "quoya-living.myshopify.com",
				"best_ranked_domain": "www.quoyaliving.com",
				"created_at": "2020-08-24T00:00:00.000000Z",
				"currency": "GBP",
				"custom_domain": "www.quoyaliving.com",
				"favicon": "https://www.quoyaliving.com/cdn/shop/files/Quoya-02_96x.png",
				"is_tracked": false,
				"products_count": 22,
				"shopify_shop_id": 45759856806
			},
			"usd_price_min": 198.01,
			"usd_price_max": 247.82,
			"original_price_max": 199
		},
		{
			"id": 8956085797165,
			"handle": "inchargex-byd-perfect-combo-32a-5pin-single-phase-7kw-portable-ev-charger-32a-7kw-type-2-to-type-2-charging-cable",
			"title": "INCHARGEx BYD Perfect Combo 32A 5pin Single Phase 7kW Portable EV Charger & 32A 7kW Type 2 to Type 2 Charging Cable",
			"created_at": "2023-10-30T02:44:49.000000Z",
			"images": 9,
			"is_tracked": false,
			"main_image": "https://cdn.shopify.com/s/files/1/0682/7127/6333/products/BYD-perfect-combo-466020.jpg?v=1698715508",
			"variants": 1,
			"monthly_revenue": 7635.89,
			"monthly_sales": 21,
			"original_price": 557.99,
			"usd_price": 359.28,
			"product_type": "Physical",
			"category": "Electronics",
			"quick_search": [
				{
					"platform": "facebook",
					"link": "https://www.facebook.com/ads/library/?active_status=all&ad_type=all&country=ALL&q=inchargex.com.au&search_type=keyword_unordered&media_type=all"
				},
				{
					"platform": "aliexpress",
					"link": "https://www.aliexpress.com/wholesale?SearchText=INCHARGEx BYD Perfect Combo 32A 5pin Single Phase 7kW Portable EV Charger & 32A 7kW Type 2 to Type 2 Charging Cable"
				},
				{
					"platform": "amazon",
					"link": "https://www.amazon.com/s?k=INCHARGEx BYD Perfect Combo 32A 5pin Single Phase 7kW Portable EV Charger & 32A 7kW Type 2 to Type 2 Charging Cable"
				}
			],
			"store": {
				"id": 9367297,
				"internal_shop_id": 9367297,
				"original_domain": "inchargex.myshopify.com",
				"best_ranked_domain": "inchargex.com.au",
				"created_at": "2022-11-19T00:00:00.000000Z",
				"currency": "AUD",
				"custom_domain": "inchargex.com.au",
				"favicon": "https://inchargex.com.au/cdn/shop/files/square-website-emoji.png",
				"is_tracked": false,
				"products_count": 23,
				"shopify_shop_id": 68271276333
			},
			"usd_price_min": 359.28
		},
		{
			"id": 8860591751477,
			"handle": "eyglows-portable-projector",
			"title": "Eyglow's Portable Projector",
			"created_at": "2023-10-28T14:37:05.000000Z",
			"images": 1,
			"is_tracked": false,
			"main_image": "https://cdn.shopify.com/s/files/1/0844/2865/2853/files/PortableProjector.jpg?v=1700168593",
			"variants": 5,
			"monthly_revenue": 4859.51,
			"monthly_sales": 34,
			"original_price": 21490,
			"usd_price": 151.84,
			"product_type": "Physical",
			"category": "Electronics",
			"quick_search": [
				{
					"platform": "facebook",
					"link": "https://www.facebook.com/ads/library/?active_status=all&ad_type=all&country=ALL&q=eyglow.com&search_type=keyword_unordered&media_type=all"
				},
				{
					"platform": "aliexpress",
					"link": "https://www.aliexpress.com/wholesale?SearchText=Eyglow's Portable Projector"
				},
				{
					"platform": "amazon",
					"link": "https://www.amazon.com/s?k=Eyglow's Portable Projector"
				}
			],
			"store": {
				"id": 15987405,
				"internal_shop_id": 15987405,
				"original_domain": "0706c0.myshopify.com",
				"best_ranked_domain": "eyglow.com",
				"created_at": "2023-10-28T00:00:00.000000Z",
				"currency": "ISK",
				"custom_domain": "eyglow.com",
				"favicon": "https://eyglow.com/cdn/shop/files/Eyglow-2-2.jpg",
				"is_tracked": false,
				"products_count": 3,
				"shopify_shop_id": 84428652853
			},
			"usd_price_min": 151.84
		},
		{
			"id": 7963600355485,
			"handle": "professional-electric-hair-straightener-comb-brush",
			"title": "Professional Electric Hair Straightener Comb Brush",
			"created_at": "2024-02-12T12:41:51.000000Z",
			"images": 5,
			"is_tracked": false,
			"main_image": "https://cdn.shopify.com/s/files/1/0398/7885/2765/products/5561272441.jpg?v=1707741711",
			"variants": 1,
			"monthly_revenue": 12603.51,
			"monthly_sales": 1238,
			"original_price": 849,
			"usd_price": 10.16,
			"product_type": "Physical",
			"category": "Health & Household",
			"quick_search": [
				{
					"platform": "facebook",
					"link": "https://www.facebook.com/ads/library/?active_status=all&ad_type=all&country=ALL&q=buywaw.com&search_type=keyword_unordered&media_type=all"
				},
				{
					"platform": "aliexpress",
					"link": "https://www.aliexpress.com/wholesale?SearchText=Professional Electric Hair Straightener Comb Brush"
				},
				{
					"platform": "amazon",
					"link": "https://www.amazon.com/s?k=Professional Electric Hair Straightener Comb Brush"
				}
			],
			"store": {
				"id": 776965,
				"internal_shop_id": 776965,
				"original_domain": "buywaw.myshopify.com",
				"best_ranked_domain": "www.buywaw.com",
				"created_at": "2023-07-14T00:00:00.000000Z",
				"currency": "INR",
				"custom_domain": "www.buywaw.com",
				"favicon": "https://www.wrixty.in/cdn/shop/files/favicon.png",
				"is_tracked": false,
				"products_count": 24,
				"shopify_shop_id": 39878852765
			},
			"usd_price_min": 10.16
		},
		{
			"id": 9077978464533,
			"handle": "portable-bladeless-hanging-rechargeable-neck-fan",
			"title": "Portable Neck Fan",
			"created_at": "2024-04-15T07:29:51.000000Z",
			"images": 4,
			"is_tracked": false,
			"main_image": "https://cdn.shopify.com/s/files/1/0839/1511/2725/files/61I6Fh7rftS._SX679.jpg?v=1713188283",
			"variants": 1,
			"monthly_revenue": 7073.95,
			"monthly_sales": 660,
			"original_price": 899,
			"usd_price": 10.76,
			"product_type": "Physical",
			"category": "Electronics",
			"quick_search": [
				{
					"platform": "facebook",
					"link": "https://www.facebook.com/ads/library/?active_status=all&ad_type=all&country=ALL&q=the7evenstore.in&search_type=keyword_unordered&media_type=all"
				},
				{
					"platform": "aliexpress",
					"link": "https://www.aliexpress.com/wholesale?SearchText=Portable Neck Fan"
				},
				{
					"platform": "amazon",
					"link": "https://www.amazon.com/s?k=Portable Neck Fan"
				}
			],
			"store": {
				"id": 19225066,
				"internal_shop_id": 19225066,
				"original_domain": "8594e6-4.myshopify.com",
				"best_ranked_domain": "the7evenstore.in",
				"created_at": "2024-01-21T00:00:00.000000Z",
				"currency": "INR",
				"custom_domain": "the7evenstore.in",
				"favicon": "https://the7evenstore.in/cdn/shop/files/Favicon_1.png",
				"is_tracked": false,
				"products_count": 6,
				"shopify_shop_id": 83915112725
			},
			"usd_price_min": 10.76
		},
		{
			"id": 9086559584566,
			"handle": "3-in-1-high-protection-quick-car-ceramic-coating-spray-car-wax-polish-spray",
			"title": "3 in 1 High Protection Quick Car Ceramic Coating Spray - Car Wax Polish Spray",
			"created_at": "2024-02-01T13:19:16.000000Z",
			"images": 3,
			"is_tracked": false,
			"main_image": "https://cdn.shopify.com/s/files/1/0760/0858/7574/products/8093756053.jpg?v=1706793556",
			"variants": 2,
			"monthly_revenue": 2927.3799999999997,
			"monthly_sales": 351,
			"original_price": 682,
			"usd_price": 8.16,
			"product_type": "Physical",
			"category": "Home & Kitchen & Dining",
			"quick_search": [
				{
					"platform": "facebook",
					"link": "https://www.facebook.com/ads/library/?active_status=all&ad_type=all&country=ALL&q=fineselectionsekart.in&search_type=keyword_unordered&media_type=all"
				},
				{
					"platform": "aliexpress",
					"link": "https://www.aliexpress.com/wholesale?SearchText=3 in 1 High Protection Quick Car Ceramic Coating Spray - Car Wax Polish Spray"
				},
				{
					"platform": "amazon",
					"link": "https://www.amazon.com/s?k=3 in 1 High Protection Quick Car Ceramic Coating Spray - Car Wax Polish Spray"
				}
			],
			"store": {
				"id": 13639062,
				"internal_shop_id": 13639062,
				"original_domain": "fine-selections-e-kartt-4907.myshopify.com",
				"best_ranked_domain": "fineselectionsekart.in",
				"created_at": "2023-04-29T00:00:00.000000Z",
				"currency": "INR",
				"custom_domain": "fineselectionsekart.in",
				"favicon": "",
				"is_tracked": false,
				"products_count": 16,
				"shopify_shop_id": 76008587574
			},
			"usd_price_min": 8.16,
			"usd_price_max": 8.77,
			"original_price_max": 733
		},
		{
			"id": 10715598717246,
			"handle": "portable-air-duster-wireless-vacuum-cleaner",
			"title": "Portable Air Duster Wireless Vacuum Cleaner",
			"created_at": "2023-12-15T01:41:26.000000Z",
			"images": 8,
			"is_tracked": false,
			"main_image": "https://cdn.shopify.com/s/files/1/0833/9236/4862/products/4471561838.jpg?v=1702604486",
			"variants": 1,
			"monthly_revenue": 3342.97,
			"monthly_sales": 349,
			"original_price": 799,
			"usd_price": 9.56,
			"product_type": "Physical",
			"category": "Electronics",
			"quick_search": [
				{
					"platform": "facebook",
					"link": "https://www.facebook.com/ads/library/?active_status=all&ad_type=all&country=ALL&q=tehgatheringpoint.myshopify.com&search_type=keyword_unordered&media_type=all"
				},
				{
					"platform": "aliexpress",
					"link": "https://www.aliexpress.com/wholesale?SearchText=Portable Air Duster Wireless Vacuum Cleaner"
				},
				{
					"platform": "amazon",
					"link": "https://www.amazon.com/s?k=Portable Air Duster Wireless Vacuum Cleaner"
				}
			],
			"store": {
				"id": 15816386,
				"internal_shop_id": 15816386,
				"original_domain": "131bc3-2.myshopify.com",
				"best_ranked_domain": "tehgatheringpoint.myshopify.com",
				"created_at": "2023-10-01T00:00:00.000000Z",
				"currency": "INR",
				"custom_domain": "tehgatheringpoint.myshopify.com",
				"favicon": "https://tehgatheringpoint.myshopify.com/cdn/shop/files/hjcubC_aTeiXj01dhj64Ow-removebg-preview_100x.png",
				"is_tracked": false,
				"products_count": 13,
				"shopify_shop_id": 83392364862
			},
			"usd_price_min": 9.56
		},
		{
			"id": 8121940508931,
			"handle": "colours-haul-group-i-am-small-pocket-cargos",
			"title": "I am Small/Multi Pocket Cargos",
			"created_at": "2023-07-31T15:02:04.000000Z",
			"images": 6,
			"is_tracked": false,
			"main_image": "https://cdn.shopify.com/s/files/1/0438/3857/0647/files/5.png?v=1690816635",
			"variants": 30,
			"monthly_revenue": 8377.53,
			"monthly_sales": 147,
			"original_price": null,
			"original_price_max": null,
			"original_price_min": null,
			"usd_price": 56.99,
			"product_type": "Physical",
			"category": "Clothing & Shoes & Jewelry",
			"quick_search": [
				{
					"platform": "facebook",
					"link": "https://www.facebook.com/ads/library/?active_status=all&ad_type=all&country=ALL&q=gkikz.com&search_type=keyword_unordered&media_type=all"
				},
				{
					"platform": "aliexpress",
					"link": "https://www.aliexpress.com/wholesale?SearchText=I am Small/Multi Pocket Cargos"
				},
				{
					"platform": "amazon",
					"link": "https://www.amazon.com/s?k=I am Small/Multi Pocket Cargos"
				}
			],
			"store": {
				"id": 228660,
				"internal_shop_id": 228660,
				"original_domain": "gkikz-2-0.myshopify.com",
				"best_ranked_domain": "gkikz.com",
				"created_at": "2020-02-28T00:00:00.000000Z",
				"currency": "USD",
				"custom_domain": "gkikz.com",
				"favicon": "https://gkikz.com/cdn/shop/files/HEFSJKDHJKFHKLEF_32x32.png",
				"is_tracked": false,
				"products_count": 20,
				"shopify_shop_id": 43838570647
			},
			"usd_price_min": 56.99
		},
		{
			"id": 8471391928616,
			"handle": "pulse-pro-smart-watch",
			"title": "Pulse Pro Amoled Smart Watch",
			"created_at": "2023-08-10T16:53:33.000000Z",
			"images": 5,
			"is_tracked": false,
			"main_image": "https://cdn.shopify.com/s/files/1/0259/4412/9622/files/PulsePro-Black.png?v=1691686415",
			"variants": 4,
			"monthly_revenue": 3063.49,
			"monthly_sales": 129,
			"original_price": 6599,
			"usd_price": 23.77,
			"product_type": "Physical",
			"category": "Electronics",
			"quick_search": [
				{
					"platform": "facebook",
					"link": "https://www.facebook.com/ads/library/?active_status=all&ad_type=all&country=ALL&q=danytech.com.pk&search_type=keyword_unordered&media_type=all"
				},
				{
					"platform": "aliexpress",
					"link": "https://www.aliexpress.com/wholesale?SearchText=Pulse Pro Amoled Smart Watch"
				},
				{
					"platform": "amazon",
					"link": "https://www.amazon.com/s?k=Pulse Pro Amoled Smart Watch"
				}
			],
			"store": {
				"id": 2550858,
				"internal_shop_id": 2550858,
				"original_domain": "dany-tech-pk.myshopify.com",
				"best_ranked_domain": "danytech.com.pk",
				"created_at": "2016-03-18T00:00:00.000000Z",
				"currency": "PKR",
				"custom_domain": "danytech.com.pk",
				"favicon": "https://danytech.com.pk/cdn/shop/files/DANY_ICON_a791724b-f535-47c9-b50c-0e3fd3679808_32x32.png",
				"is_tracked": false,
				"products_count": 16,
				"shopify_shop_id": 25944129622
			},
			"usd_price_min": 23.77
		}
	],
	"total": 1856
}
